
@String{today = {2021-01-12}}


@book{dbms,
  author = {Ramakrishan R., Gehrke J.},
  title = {Database Management Systems},
  publisher = {McGraw-Hill},
  year = {2003},
  edition = "Third edition"

}

@online{faq-covid,
    author = {University of Trento},
    title = {FAQ per tirocini avviati tramite ufficio Job Guidance},
    date = {2020-03-23},
    revised = {2020-06-04},
    language = {Italian},
    url = {https://www.unitn.it/alfresco/download/workspace/SpacesStore/e9af2533-6b75-4f2b-844e-6c3bd3828ceb/FAQ_TIROCINI_04_06_2020.pdf},
    urldate = today,
}

@manual{pg-docs,
    organization = {The PostgreSQL Global Development Group},
    title = {PostgreSQL 12 Documentation},
    url = {https://www.postgresql.org/docs/12/},
    urldate = today,
}

@online{cdc,
    organization = {Debezium, Red Hat},
    author = {Eric Murphy},
    title = {Distributed Data for Microservices -- Event Sourcing vs. Change Data Capture},
    url = {https://debezium.io/blog/2020/02/10/event-sourcing-vs-cdc/},
    urldate = today,
}
